<?xml version="1.0" encoding="UTF-8"?><collection xmlns="http://www.loc.gov/MARC21/slim"><record><leader>00382nam--2200157-i-4500</leader><controlfield tag="001">000020637</controlfield><controlfield tag="002">20161230</controlfield><controlfield tag="005">20161230201033</controlfield><controlfield tag="008">060222s1000------------r-----000-0-eng-d</controlfield><datafield ind1=" " ind2=" " tag="020"><subfield code="a">3-540-55</subfield></datafield><datafield ind1=" " ind2=" " tag="080"><subfield code="a">512.74(061.3)</subfield></datafield><datafield ind1=" " ind2=" " tag="245"><subfield code="a">Quantum group</subfield></datafield><datafield ind1=" " ind2=" " tag="260"><subfield code="a">Berlin, Springer-verlag, 1991. 392 P</subfield></datafield><datafield ind1=" " ind2=" " tag="490"><subfield code="a">Lectures Notes In Mathematics</subfield></datafield><datafield ind1=" " ind2=" " tag="700"><subfield code="a">P.P.Kulish</subfield></datafield><datafield ind1=" " ind2=" " tag="852"><subfield code="a">80590</subfield></datafield></record></collection>